@manual{inmetro2003,
	Author = {INMETRO},
	Title = {Vocabulário internacional de termos fundamentais e gerais de
	metrologia},
	Year = {2013},
	Address = {Rio de Janeiro, Brasil},
	Pages = {75},
	isbn = {85-87090-90-9},
}

@online{newzoo_brasil,
	title = {The Brasilian Gamer 2017},
	author = {Newzoo},
	year = {2017},
	url = {https://newzoo.com/insights/infographics/the-brazilian-gamer-2017},
	urldate = {2018-06-04},
}

@online{newzoo_china,
	title = {The Chinese Gamer 2017},
	author = {Newzoo},
	year = {2017},
	url = {https://newzoo.com/insights/infographics/chinese-gamer-2017},
	urldate = {2018-06-04},
}

@online{desenvolvedoras_crescimento,
	title = {Crescimento Desenvolvedoras},
	year = {2016},
	author = {Daniel Silveira},
	url = {https://g1.globo.com/economia/negocios/noticia/numero-de-desenvolvedores-de-games-cresce-600-em-8-anos-diz-associacao.ghtml},
	urldate = {2018-06-04},
}

@online{steam_spy,
	title = {Steam Spy},
	author = {Sergey Galyonkin},
	year = {2018},
	url = {http://steamspy.com},
	urldate = {2018-06-06},
}

@online{steam_db,
	title = {SteamDB},
	author = {SteamDB},
	year = {2010},
	url = {https://steamdb.info},
	urldate = {2018-06-15},
}

@onlie{steam_api,
	title = {Steam Web API},
	author = {Steamworks},
	year = {2018},
	url = {https://partner.steamgames.com/doc/webapi_overview},
	url_date = {2018-06-28},
}

@online{dfc_intelligence,
	title = {DFC Intelligence},
	author = {David Cole},
	year = {1994},
	url = {https://www.dfcint.com},
	urldate = {2018-06-15},
}

@online{postgresql,
	title = {PostgreSQL},
	author = {PostgreSQL},
	year = {1997},
	url = {https://www.postgresql.org/about/},
	urldate = {2018-06-04},
}

@online{elasticsearch,
	title = {Elasticsearch},
	author = {Elastic},
	year = {2010},
	url = {https://www.elastic.co/products/elasticsearch},
	urldate = {2018-06-04},
}

@online{logstash,
	title = {Logstash},
	author = {Elastic},
	year = {2010},
	url = {https://www.elastic.co/products/logstash},
	urldate = {2018-06-04},
}

@online{whenever,
	title = {Whenever},
	author = {Javan Makhmali},
	year = {2018},
	url = {https://github.com/javan/whenever},
	urldate = {2018-06-09},
}

@online{clockwork,
	title = {Clockwork},
	author = {Adam Wiggins},
	year = {2018},
	url = {https://github.com/Rykian/clockwork},
	urldate = {2018-06-09},
}

@online{agil,
	title = {Manifesto Ágil},
	author = {Kent Beck and others},
	year = {2001},
	url = {http://agilemanifesto.org/iso/ptbr/manifesto.html},
	urldate = {2018-07-02},
}

@article{tps,
	Author = {T. Ohno},
	Title = {O Sistema Toyota de Produção},
	Year = {1997},
	Address = {Porto Alegre},
}

@article{analytics,
	Author = {T. H. Daveport and J. G. Harris},
	Title = {Competing on Analytics: The New Science of Winning},
	Year = {2007},
	Address = {Boston}, 
}

@article{game_analytics,
	Author = {Drachen Anders and Magy Seif El-Nasr and Alessandro Canossa},
	Title = {Game Analytics: Maximizing the Value of Player Data},
	Year = {2013},
	Address = {Londres}, 
}

@article{telemetry,
	Author = {J. Bohannon},
	Title = {Game-miners Grapple with Massive Data},
	Year = {2010},
}

@article{game_metrics,
	Author = {L. Mellon},
	Title = {Apply Metrics Driven Development to MMO Costs and Risks},
	Year = {2009},
	Address = {República Tcheca},
}

@article{business_intelligence,
	Author = {David Loshin},
	Title = {Business Intelligence: The Savvy Manager's Guide},
	Year = {2012},
}

@article{tdwi,
	Author = {Wayne Eckerson},
	Title = {The Rise of Analytic Applications: Build or Buy},
	Year = {2002},
}

@inproceedings{soviero1997,
	Author = {P. A. O. Soviero and L. G. M. Lavagna},
	Title = {A Numerical Model for Thin Airfoils in Unsteady Motion},
	Year = {1997},
	Pages = {332-340},
	Volume = {19},
	Number = {3},
	Booktitle = {Journal of the Brazilian Societyt Mechanical Sciences},	
}

@inproceedings{sparrow1980,
	Author = {E. M. Sparrow},
	Title = {Forced Convection Heat Transfer in a Duct Having Spanwise-Periodic
	Rectangular Protuberances},
	Year = {1980},
	Pages = {149-167},
	Volume = {3},
	Booktitle = {Numerical Heat Transfer},
}

@article{clark1986,
	Author = {J. A. Clark},
	Title = {Private Communication},
	Year = {1986},
	Address = {University of Michigan},
}

@article{arruda2007,
	Author = {M. B. B. Arruda},
	Title = {Como fazer referências: bibliográficas, eletrônicas e demais
	formas de documentos},
	Year = {2007},
	Url = {http://bu.ufsc.br/framerefer.html}
}

@article{coimbra1978,
	Author = {A. L. Coimbra},
	Title = {Lessons of Continuum Mechanics},
	Year = {1978},
	Address = {São Paulo, Brazil},
	Pages = {428},
	Editor = {Edgard Blücher},
}

@inproceedings{bordalo1989,
	Author = {S. N. Bordalo and J. H. Ferziger and S. J. Kline},
	Title = {The Development of Zonal Models for Turbulence},
	Year = {1989},
	Pages = {41-44},
	Booktitle = {Proceedings of the 10th Brazilian Congress of Mechanical
	Engineering}, 
	Volume = {1},	
}

@manual{NBR14724:2011,
	Address = {Rio de Janeiro},
	Date-Added = {2012-12-15 20:34:08 +0000},
	Date-Modified = {2012-12-15 20:35:25 +0000},
	Month = mar,
	Org-Short = {ABNT},
	Organization = {Associa{\c c}\~ao Brasileira de Normas T\'ecnicas},
	Pages = 15,
	Subtitle = {Informa{\c c}\~ao e documenta{\c c}\~ao --- trabalhos acad\^emicos --- apresenta{\c c}\~ao},
	Title = {{NBR} 14724},
	Year = 2011
}

@manual{NBR6034:2000,
	Address = {Rio de Janeiro},
	Org-Short = {ABNT},
	Organization = {Associa{\c c}\~ao Brasileira de Normas T\'ecnicas},
	Subtitle = {Informa{\c c}\~ao e documenta{\c c}\~ao --- Referências},
	Title = {{NBR} 14724},
	Year = 2000
}

